% This file was created with JabRef 2.9.2.
% Encoding: UTF8

@TECHREPORT{BP2009,
  author = {BP},
  title = {BP statistical review of world energy},
  institution = {BP},
  year = {2009},
  owner = {zhaiyu},
  timestamp = {2013.11.24}
}

@ARTICLE{Brennan2010,
  author = {Liam Brennan and Philip Owende},
  title = {Biofuels from microalgae—A review of technologies for production,
	processing, and extractions of biofuels and co-products },
  journal = {Renewable and Sustainable Energy Reviews },
  year = {2010},
  volume = {14},
  pages = {557 - 577},
  number = {2},
  doi = {http://dx.doi.org/10.1016/j.rser.2009.10.009},
  file = {Brennan2010.pdf:Brennan2010.pdf:PDF},
  issn = {1364-0321},
  keywords = {Microalgae},
  owner = {zhaiyu},
  url = {http://www.sciencedirect.com/science/article/pii/S1364032109002408}
}

@ARTICLE{Chisti2008,
  author = {Yusuf Chisti},
  title = {Biodiesel from microalgae beats bioethanol},
  journal = {Trends in Biotechnology},
  year = {2008},
  volume = {26},
  pages = {126},
  file = {Chisti2008.pdf:Chisti2008.pdf:PDF},
  owner = {zhaiyu},
  timestamp = {2013.11.23}
}

@ARTICLE{Chisti2007,
  author = {Yusuf Chisti},
  title = {Biodiesel from microalgae},
  journal = {Biotechnology Advances},
  year = {2007},
  volume = {25},
  pages = {294},
  file = {Chisti2007.pdf:Chisti2007.pdf:PDF},
  owner = {zhaiyu},
  timestamp = {2013.11.23}
}

@ARTICLE{DunahayTG1995,
  author = {Dunahay TG, Jarvis EE, Roessler PG},
  title = {Genetic transformation
	
	of the diatoms Cyclotella cryptica and Navicula saprophila.},
  journal = {J Phycol},
  year = {1995},
  volume = {, 31},
  pages = {: 1004},
  owner = {zhaiyu},
  timestamp = {2013.12.18}
}

@ARTICLE{Eroglu2013,
  author = {Eroglu, Ela and Eggers, Paul K and Winslade, Matthew and Smith, Steven
	M and Raston, Colin L},
  title = {Enhanced accumulation of microalgal pigments using metal nanoparticle
	solutions as light filtering devices},
  journal = {Green Chemistry},
  year = {2013},
  volume = {15},
  pages = {3155--3159},
  number = {11},
  file = {Eroglu2013.pdf:Eroglu2013.pdf:PDF},
  publisher = {Royal Society of Chemistry}
}

@INBOOK{EU2007,
  chapter = {Communication from the commission to the European council and the
	European parliament: an energy policy for Europe},
  pages = {27},
  title = {EC COM(2007) 1 Final},
  publisher = {European Commission.},
  year = {2007},
  editor = {European Commission.},
  author = {the European council and the European parliament},
  owner = {zhaiyu},
  timestamp = {2013.11.24}
}

@BOOK{FAO2008,
  title = {The state of food and agriculture 2008},
  publisher = {Food and Agriculture Organization},
  year = {2008},
  editor = {FAO},
  author = {FAO},
  address = {New York},
  owner = {zhaiyu},
  timestamp = {2013.11.24}
}

@BOOK{FAO2007,
  title = {Sustainable bioenergy: a framework for decision makers},
  publisher = {United Nations Energy},
  year = {2007},
  editor = {FAO},
  author = {FAO},
  owner = {zhaiyu},
  timestamp = {2013.11.24}
}

@ARTICLE{FB1996,
  author = {Metting FB},
  title = {Biodiversity and application of microalgae},
  journal = {Journal of Industrial Microbiology},
  year = {1996},
  volume = {17},
  pages = {477},
  owner = {zhaiyu},
  timestamp = {2013.12.18}
}

@ARTICLE{Mata2010,
  author = {Teresa M. Mata and António A. Martins and Nidia. S. Caetano},
  title = {Microalgae for biodiesel production and other applications: A review},
  journal = {Renewable and Sustainable Energy Reviews },
  year = {2010},
  volume = {14},
  pages = {217 - 232},
  number = {1},
  doi = {http://dx.doi.org/10.1016/j.rser.2009.07.020},
  file = {Mata2010.pdf:Mata2010.pdf:PDF},
  issn = {1364-0321},
  keywords = {Microalgae},
  owner = {zhaiyu},
  url = {http://www.sciencedirect.com/science/article/pii/S1364032109001646}
}

@ARTICLE{PG1993,
  author = {Roessler PG and Ohlrogge JB},
  title = {Cloning and characterization of the gene that encodes acetyl-coenzyme
	A carboxylase in the alga Cyclotella cryptica.},
  journal = {Journal of Biological Chemistry},
  year = {1993,},
  volume = {268},
  pages = {19254},
  owner = {zhaiyu},
  timestamp = {2013.12.18}
}

@ARTICLE{Schenk2008,
  author = {Peer M. Schenk and Skye R. Thomas-Hall and Evan Stephens and Ute
	C. Marx and Jan H. Mussgnug and Clemens Posten and Olaf Kruse and
	Ben Hankamer},
  title = {Second Generation Biofuels: High-Efficiency Microalgae for Biodiesel
	Production},
  journal = {BioEnergy Research},
  year = {2008},
  volume = {1},
  pages = {20 - 43},
  owner = {zhaiyu},
  timestamp = {2013.11.24}
}

@ARTICLE{SpolaoreP2006,
  author = {Spolaore P, Joannis-Cassan C, Duran E},
  title = {Commercial applications of microalgae},
  journal = {Journal of Bioscience and Bioengineering},
  year = {2006},
  volume = {101},
  pages = {87},
  owner = {zhaiyu},
  timestamp = {2013.12.18}
}

@ARTICLE{Song2008,
  author = {宋东辉 and 侯李君 and 施定基},
  title = {生物柴油原料资源高油脂微藻的开发利用},
  journal = {生物工程学报},
  year = {2008},
  volume = {24},
  pages = {341--348},
  number = {3},
  file = {Song2008.pdf:Song2008.pdf:PDF}
}

@ARTICLE{Zhu2004,
  author = {朱建良、张冠杰},
  title = {国内外生物柴油研究生产现状及发展趋势},
  journal = {化工时刊},
  year = {2004},
  volume = {18},
  pages = {23},
  file = {Zhu2004.pdf:Zhu2004.pdf:PDF},
  owner = {zhaiyu},
  timestamp = {2013.11.23}
}

@ARTICLE{Miao2007,
  author = {缪晓玲 and 吴庆余},
  title = {微藻油脂制备生物柴油的研究},
  journal = {太阳能学报},
  year = {2007},
  volume = {28},
  pages = {219--222},
  number = {2},
  file = {Miao2007.pdf:Miao2007.pdf:PDF}
}

@ARTICLE{Miao2003,
  author = {缪晓玲 and 吴庆余},
  title = {微藻生物质可再生能源的开发利用},
  journal = {可再生能源},
  year = {2003},
  volume = {3},
  pages = {13--16},
  number = {109},
  file = {Miao2003.pdf:Miao2003.pdf:PDF}
}

